<?xml version="1.0" encoding="utf-8"?>
<record xmlns="http://www.loc.gov/MARC21/slim" xmlns:xsi="http://www.w3.org/2001/XMLSchema-instance" xsi:schemaLocation="http://www.loc.gov/MARC21/slim http://www.loc.gov/standards/marcxml/schema/MARC21slim.xsd">
	<leader>     nam a22     Mi 4500</leader>
	<controlfield tag="001">2980636</controlfield>
	<controlfield tag="003">NNC</controlfield>
	<controlfield tag="006">m        d        </controlfield>
	<controlfield tag="007">cr cn |||m|||a</controlfield>
	<controlfield tag="008">190509r19681897iq      ob    000 0 ara  </controlfield>
	<datafield ind1=" " ind2=" " tag="040">
		<subfield code="a">ZYU</subfield>
		<subfield code="b">ara</subfield>
		<subfield code="e">rda</subfield>
		<subfield code="c">ZYU</subfield>
	</datafield>
	<datafield ind1="0" ind2=" " tag="041">
		<subfield code="a">ara</subfield>
		<subfield code="a">fre</subfield>
	</datafield>
	<datafield ind1="0" ind2="4" tag="050">
		<subfield code="a">PJ7741.U55</subfield>
		<subfield code="b">A6 1968</subfield>
	</datafield>
	<datafield ind1="0" ind2=" " tag="100">
		<subfield code="6">880-01</subfield>
		<subfield code="a">ʻUmārah ibn ʻAlī al-Ḥakamī,</subfield>
		<subfield code="d">1120 or 1121-1174.</subfield>
	</datafield>
	<datafield ind1="1" ind2="0" tag="240">
		<subfield code="6">880-02</subfield>
		<subfield code="a">Nukat al-ʻaṣrīyah fī akhbār al-wuzarāʼ al-Miṣrīyah</subfield>
	</datafield>
	<datafield ind1="1" ind2="0" tag="245">
		<subfield code="6">880-03</subfield>
		<subfield code="a">Kitāb fīhi al-nukat al-ʻaṣrīyah fī akhbār al-wuzarāʼ al-Miṣrīyah /</subfield>
		<subfield code="c">taʼlīf Najm al-Dīn Abī Muḥammad ʻUmạrah ibn Abī al-Ḥasan al-Ḥakamī thumma al-Yamanī ; wa-fīhi qaṣāʼid min shiʻrihi wa-maqāṭīʻ min nathrih ; iʻtaná bi-taṣḥīḥihi Hartwīgh Daranburgh.</subfield>
	</datafield>
	<datafield ind1="1" ind2="5" tag="246">
		<subfield code="a">ʻOumâra du Yémen :</subfield>
		<subfield code="b">sa vie et son æuvre</subfield>
	</datafield>
	<datafield ind1=" " ind2=" " tag="260">
		<subfield code="6">880-04</subfield>
		<subfield code="a">Baghdād :</subfield>
		<subfield code="b">Maktabat al-Muthanná,</subfield>
		<subfield code="c">[1968?]</subfield>
	</datafield>
	<datafield ind1=" " ind2=" " tag="300">
		<subfield code="a">online resource (volumes)</subfield>
	</datafield>
	<datafield ind1=" " ind2=" " tag="336">
		<subfield code="a">text</subfield>
		<subfield code="2">rdacontent</subfield>
	</datafield>
	<datafield ind1=" " ind2=" " tag="337">
		<subfield code="a">computer</subfield>
		<subfield code="2">rdamedia</subfield>
	</datafield>
	<datafield ind1=" " ind2=" " tag="338">
		<subfield code="a">online resource</subfield>
		<subfield code="2">rdacarrier</subfield>
	</datafield>
	<datafield ind1="1" ind2=" " tag="490">
		<subfield code="a">Publications de lʼÉcole des langues orientales vivantes. ;</subfield>
		<subfield code="v">4e sér., t. 10</subfield>
	</datafield>
	<datafield ind1=" " ind2=" " tag="500">
		<subfield code="a">Part of the Arabic Collections Online (ACO) project, contributed by Columbia University Libraries.</subfield>
	</datafield>
	<datafield ind1=" " ind2=" " tag="533">
		<subfield code="a">Electronic reproduction.</subfield>
		<subfield code="b">New York, N.Y. :</subfield>
		<subfield code="c">New York University,</subfield>
		<subfield code="d">2019.</subfield>
		<subfield code="5">NNU</subfield>
	</datafield>
	<datafield ind1=" " ind2=" " tag="546">
		<subfield code="a">Arabic with preface in French.</subfield>
	</datafield>
	<datafield ind1=" " ind2=" " tag="500">
		<subfield code="a">Reprint of v. 1 of the ed. published in Paris, 1897.</subfield>
	</datafield>
	<datafield ind1=" " ind2=" " tag="504">
		<subfield code="a">Includes bibliographical references.</subfield>
	</datafield>
	<datafield ind1="0" ind2="0" tag="600">
		<subfield code="6">880-05</subfield>
		<subfield code="a">ʻUmārah ibn ʻAlī al-Ḥakamī,</subfield>
		<subfield code="d">1120 or 1121-1174.</subfield>
	</datafield>
	<datafield ind1="0" ind2="7" tag="600">
		<subfield code="a">ʻUmārah ibn ʻAlī al-Ḥakamī,</subfield>
		<subfield code="d">1120 or 1121-1174</subfield>
		<subfield code="2">fast</subfield>
		<subfield code="0">(OCoLC)fst01852182</subfield>
	</datafield>
	<datafield ind1="1" ind2=" " tag="700">
		<subfield code="6">880-06</subfield>
		<subfield code="a">Derenbourg, Hartwig,</subfield>
		<subfield code="d">1844-1908.</subfield>
	</datafield>
	<datafield ind1="2" ind2=" " tag="710">
		<subfield code="a">Columbia University.</subfield>
		<subfield code="b">Libraries.</subfield>
	</datafield>
	<datafield ind1="0" ind2=" " tag="730">
		<subfield code="a">Arabic Collections Online.</subfield>
	</datafield>
	<datafield ind1="0" ind2="8" tag="776">
		<subfield code="i">Online version:</subfield>
		<subfield code="a">ʻUmārah ibn ʻAlī al-Ḥakamī, 1120 or 21-1174.</subfield>
		<subfield code="s">Nukat al-ʻaṣrīyah fī akhbār al-wuzarāʼ al-Miṣrīyah.</subfield>
		<subfield code="t">Kitāb fīhi al-nukat al-ʻaṣrīyah fī akhbār al-wuzarāʼ al-Miṣrīyah.</subfield>
		<subfield code="d">Baghdād : Maktabat al-Muthanná, [1968?]</subfield>
		<subfield code="w">(OCoLC)541314976</subfield>
	</datafield>
	<datafield ind1="0" ind2="8" tag="776">
		<subfield code="i">Print version:</subfield>
		<subfield code="a">ʻUmārah ibn ʻAlī al-Ḥakamī, 1120 or 1121-1174.</subfield>
		<subfield code="t">Kitāb fīhi al-nukat al-ʻaṣrīyah fī akhbār al-wuzarāʼ al-Miṣrīyah</subfield>
		<subfield code="w">(NNC)2980636</subfield>
		<subfield code="w">(DLC)   76961406 </subfield>
		<subfield code="w">(OCoLC)22840027</subfield>
	</datafield>
	<datafield ind1=" " ind2="0" tag="830">
		<subfield code="a">Publications de l'École des langues orientales vivantes ;</subfield>
		<subfield code="v">4. sér., t. 10.</subfield>
	</datafield>
	<datafield ind1="4" ind2="0" tag="856">
		<subfield code="u">http://hdl.handle.net/2333.1/bk3j9trv</subfield>
	</datafield>
	<datafield ind1="0" ind2=" " tag="880">
		<subfield code="6">100-01</subfield>
		<subfield code="a">عمارة بن علي الحكمي،</subfield>
		<subfield code="d">1120 or 1121-1174.</subfield>
	</datafield>
	<datafield ind1="1" ind2="0" tag="880">
		<subfield code="6">240-02</subfield>
		<subfield code="a">نكت العصرية في أخبار الوزراء المصريه</subfield>
	</datafield>
	<datafield ind1="1" ind2="0" tag="880">
		<subfield code="6">245-03</subfield>
		<subfield code="a">كتاب فيه النكت العصرية في اخبار الوزراء المصرية /</subfield>
		<subfield code="c">تأليف نجم الدين أبي محمد عمرة بن أبي الحسن الحكمي ثم اليمني ؛ وفيه قصائد من شعره ومقاطيع من نثره ؛ اعتنى بتصحيحه هرتويغ درنبرغ.</subfield>
	</datafield>
	<datafield ind1=" " ind2=" " tag="880">
		<subfield code="6">260-04</subfield>
		<subfield code="a">بغداد :</subfield>
		<subfield code="b">مكتبة المثنى،</subfield>
		<subfield code="c">[1968؟]</subfield>
	</datafield>
	<datafield ind1="0" ind2="4" tag="880">
		<subfield code="6">600-05</subfield>
		<subfield code="a">عمارة بن علي الحكمي،</subfield>
		<subfield code="d">1120 or 1121-1174.</subfield>
	</datafield>
	<datafield ind1="1" ind2=" " tag="880">
		<subfield code="6">700-06</subfield>
		<subfield code="a">درنبرغ، هرتويغ،</subfield>
		<subfield code="d">1844-1908.</subfield>
	</datafield>
	<datafield ind1=" " ind2=" " tag="959">
		<subfield code="a">NNU</subfield>
		<subfield code="b">WEB</subfield>
		<subfield code="c">GENI</subfield>
		<subfield code="t">0</subfield>
		<subfield code="m">Electronic access</subfield>
		<subfield code="s">01</subfield>
	</datafield>
	<datafield ind1=" " ind2=" " tag="999">
		<subfield code="i">NNC_2980636</subfield>
		<subfield code="o">(OCoLC)ocm22840027</subfield>
		<subfield code="s">columbia_aco003849</subfield>
		<subfield code="e">(ERROR-880)</subfield>
		<subfield code="s">columbia_aco003849</subfield>
	</datafield>
</record>
